<record><leader>00000cas a22000007a 4500</leader><controlfield tag="001">23865944</controlfield><controlfield tag="008">910531d18411841maudn ne      0    0eng d</controlfield><datafield ind1=" " ind2=" " tag="010"><subfield code="a">sn 91058068 </subfield></datafield><datafield ind1=" " ind2=" " tag="040"><subfield code="a">MGN</subfield><subfield code="b">eng</subfield><subfield code="c">MGN</subfield><subfield code="d">OCLCQ</subfield></datafield><datafield ind1=" " ind2=" " tag="042"><subfield code="a">msc</subfield></datafield><datafield ind1="0" ind2=" " tag="130"><subfield code="a">Boston daily news (Boston, Mass. : 1841)</subfield></datafield><datafield ind1="1" ind2="0" tag="245"><subfield code="a">Boston daily news.</subfield></datafield><datafield ind1=" " ind2=" " tag="260"><subfield code="a">Boston [Mass.] :</subfield><subfield code="b">William S. Damrell</subfield></datafield><datafield ind1=" " ind2=" " tag="300"><subfield code="a">v.</subfield></datafield><datafield ind1=" " ind2=" " tag="310"><subfield code="a">Daily (except Sun.)</subfield></datafield><datafield ind1="0" ind2=" " tag="362"><subfield code="a">Vol. 1, no. 126 (Oct. 22, 1841)-</subfield></datafield><datafield ind1="1" ind2=" " tag="362"><subfield code="a">Ceased in Nov. 1841.</subfield></datafield><datafield ind1=" " ind2=" " tag="752"><subfield code="a">United States</subfield><subfield code="b">Massachusetts</subfield><subfield code="c">Suffolk</subfield><subfield code="d">Boston.</subfield></datafield><datafield ind1="0" ind2=" " tag="775"><subfield code="t">Boston weekly news (Boston, Mass. : 1841)</subfield><subfield code="w">(DLC)sn 94055936</subfield></datafield><datafield ind1="0" ind2="0" tag="780"><subfield code="t">Morning star, and temperance advocate</subfield><subfield code="w">(DLC)sn 84023759</subfield></datafield><datafield ind1="0" ind2="0" tag="785"><subfield code="t">Boston daily news and temperance advocate</subfield><subfield code="w">(DLC)sn 91058069</subfield></datafield></record>